<record><leader>00000cas a22000007a 4500</leader><controlfield tag="001">12483330</controlfield><controlfield tag="008">850903d18271828nyuwr ne      0    0eng d</controlfield><datafield ind1=" " ind2=" " tag="010"><subfield code="a">sn 85026757 </subfield></datafield><datafield ind1=" " ind2=" " tag="040"><subfield code="a">NPX</subfield><subfield code="b">eng</subfield><subfield code="c">NPX</subfield><subfield code="d">NYS</subfield><subfield code="d">OCLCQ</subfield></datafield><datafield ind1=" " ind2=" " tag="042"><subfield code="a">msc</subfield></datafield><datafield ind1="0" ind2="4" tag="245"><subfield code="a">The Niagara sentinel and Lockport observatory.</subfield></datafield><datafield ind1="1" ind2="3" tag="246"><subfield code="a">Niagara sentinel &amp; Lockport observatory</subfield></datafield><datafield ind1=" " ind2=" " tag="260"><subfield code="a">Lockport [N.Y.] :</subfield><subfield code="b">Turner &amp; Lathrop</subfield></datafield><datafield ind1=" " ind2=" " tag="300"><subfield code="a">v.</subfield></datafield><datafield ind1=" " ind2=" " tag="310"><subfield code="a">Weekly</subfield></datafield><datafield ind1="1" ind2=" " tag="362"><subfield code="a">Began in Aug. 1827? Ceased with Apr. 3, 1828 issue.</subfield><subfield code="z">Cf. Gregory, W. Amer. newspapers.</subfield></datafield><datafield ind1=" " ind2=" " tag="588"><subfield code="a">Description based on: New ser., v. 1, no. 10 (Oct. 19, 1827).</subfield></datafield><datafield ind1=" " ind2=" " tag="752"><subfield code="a">United States</subfield><subfield code="b">New York</subfield><subfield code="c">Niagara</subfield><subfield code="d">Lockport.</subfield></datafield><datafield ind1="0" ind2="4" tag="780"><subfield code="t">Niagara sentinel</subfield><subfield code="w">(DLC)sn 83031522</subfield></datafield><datafield ind1="0" ind2="4" tag="780"><subfield code="t">Lockport observatory</subfield><subfield code="w">(DLC)sn 85054286</subfield></datafield><datafield ind1="0" ind2="0" tag="785"><subfield code="t">Lockport journal (Lockport, N.Y. : 1828)</subfield><subfield code="w">(DLC)sn 83031378</subfield></datafield></record>